date,effective_date,description,debit,credit,balance,category
2026-03-01,2026-03-01,OPENING BALANCE,,,3240.55,BalanceMarker
2026-03-01,2026-03-01,OTHER PAYROLL CREDIT | FROM PAYROLL,,3850.00,7090.55,Wages
2026-03-01,2026-03-01,"PAYMENT FROM TERRY BRADFORD,TERRY BRADFORD,Scott Sunderland,,,Wyndham 00201067381 | TO BONUS",250.00,,6840.55,Savings
2026-03-01,2026-03-01,PAY/SALARY FROM J.J. RICHARDS &  77877 | HOME LENDER · REF LN-other-9104,1680.00,,5160.55,Financial
2026-03-01,2026-03-01,PAY/SALARY FROM J.J. RICHARDS &  22069 | SUBURB,55.75,,5104.80,Groceries
2026-03-02,2026-03-02,TRANSFER FROM MCARE BENEFITS   817550138 MCARE | SUBURB,61.75,,5043.05,Groceries
2026-03-02,2026-03-02,EFTPOS PILOT\ | CITY,87.33,,4955.72,Groceries
2026-03-03,2026-03-03,"ANZ MOBILE BANKING PAYMENT 276860 TO SUNDERLAND A,MS KRISTY SUNDERLAND,SUNDERLAND C,,,RENT PAYMENT | DIRECT DEBIT",304.31,,4651.41,Health
2026-03-04,2026-03-04,VISA DEBIT PURCHASE CARD 4532 1234 5678 9010 SHELL | SUBSCRIPTION,40.27,,4611.14,Entertainment
2026-03-04,2026-03-04,PAYMENT TO HUMM BNPL        HUMM | CITY,21.43,,4589.71,Groceries
2026-03-05,2026-03-05,PAY/SALARY FROM J.J. RICHARDS &  31503 | OSKO / PAYID,98.77,,4490.94,Transfer
2026-03-05,2026-03-05,REVERSAL OF ACCOUNT SERVICING FEE MINIMUM $2000 IN DEPOSITS RECEIVED | LOCAL,9.61,,4481.33,Health
2026-03-05,2026-03-05,PAYMENT TO HUMM BNPL        HUMM | METRO,44.38,,4436.95,Transport
2026-03-06,2026-03-06,"PAYMENT FROM TERRY BRADFORD,TERRY BRADFORD,Scott Sunderland,,,Wyndham 00201067381 | DIRECT DEBIT",497.70,,3939.25,Utilities
2026-03-06,2026-03-06,ANZ M-BANKING FUNDS TFER TRANSFER 823287  FROM       313504570 | RETAIL,79.66,,3859.59,HomeImprovement
2026-03-08,2026-03-08,"PAYMENT FROM TERRY BRADFORD,TERRY BRADFORD,Scott Sunderland,,,Wyndham 00201067381 | SUBSCRIPTION",116.13,,3743.46,Telecom
2026-03-10,2026-03-10,"ANZ MOBILE BANKING PAYMENT 674169 TO SUNDERLAND C,MS KRISTY SUNDERLAND,SUNDERLAND C,,,LOAN REPAYMENT | DIRECT DEBIT",343.65,,3399.81,Utilities
2026-03-12,2026-03-12,TRANSFER FROM MCARE BENEFITS   594924905 MCARE | WEB,94.38,,3305.43,OnlineShopping
2026-03-12,2026-03-12,PAYMENT TO HUMM BNPL        HUMM | CITY,90.21,,3215.22,Groceries
2026-03-13,2026-03-13,PAY/SALARY FROM J.J. RICHARDS &  49457 | DIRECT DEBIT,212.11,,3003.11,Insurance
2026-03-14,2026-03-14,VISA DEBIT PURCHASE CARD 4532 1234 5678 9010 JB HI FI | RETAIL,136.05,,2867.06,HomeImprovement
2026-03-15,2026-03-15,OTHER PAYROLL CREDIT | FROM PAYROLL,,3850.00,6717.06,Wages
2026-03-15,2026-03-15,VISA DEBIT PURCHASE CARD 4532 1234 5678 9010 JB HI FI | TO BONUS,250.00,,6467.06,Savings
2026-03-15,2026-03-15,ANZ M-BANKING FUNDS TFER TRANSFER 152778  FROM       802962304 | WEB,117.86,,6349.20,OnlineShopping
2026-03-15,2026-03-15,TRANSFER FROM MCARE BENEFITS   791598199 MCARE | WEB,125.51,,6223.69,OnlineShopping
2026-03-16,2026-03-16,"PAYMENT FROM TERRY BRADFORD,TERRY BRADFORD,Scott Sunderland,,,Wyndham 00201067381 | OSKO / PAYID",35.29,,6188.40,Transfer
2026-03-17,2026-03-17,ANZ M-BANKING FUNDS TFER TRANSFER 107804  FROM       898952848 | DIRECT DEBIT,304.31,,5884.09,Health
2026-03-17,2026-03-17,"PAYMENT FROM TERRY BRADFORD,TERRY BRADFORD,Scott Sunderland,,,Wyndham 00201067381 | SUBURB",44.93,,5839.16,Groceries
2026-03-19,2026-03-19,REVERSAL OF ACCOUNT SERVICING FEE MINIMUM $2000 IN DEPOSITS RECEIVED | SUBSCRIPTION,187.23,,5651.93,Telecom
2026-03-21,2026-03-21,EFTPOS PILOT\ | SUBURB,24.29,,5627.64,Groceries
2026-03-21,2026-03-21,VISA DEBIT PURCHASE CARD 4532 1234 5678 9010 AMAZON MARKETPLACE | METRO,23.31,,5604.33,Transport
2026-03-22,2026-03-22,ANZ M-BANKING FUNDS TFER TRANSFER 958156  FROM       690709597 | CITY,89.95,,5514.38,Groceries
2026-03-23,2026-03-23,"PAYMENT FROM TERRY BRADFORD,TERRY BRADFORD,Scott Sunderland,,,Wyndham 00201067381 | CBD",19.19,,5495.19,Dining
2026-03-23,2026-03-23,ANZ M-BANKING FUNDS TFER TRANSFER 828047  FROM       646224852 | CBD,7.62,,5487.57,Dining
2026-03-25,2026-03-25,ACCOUNT SERVICING FEE | METRO,44.37,,5443.20,Transport
2026-03-25,2026-03-25,REVERSAL OF ACCOUNT SERVICING FEE MINIMUM $2000 IN DEPOSITS RECEIVED | LOCAL,35.02,,5408.18,Health
2026-03-26,2026-03-26,"PAYMENT FROM TERRY BRADFORD,TERRY BRADFORD,Scott Sunderland,,,Wyndham 00201067381 | CITY",41.49,,5366.69,Groceries
2026-03-27,2026-03-27,PAYMENT TO HUMM BNPL        HUMM | OSKO / PAYID,52.57,,5314.12,Transfer
2026-03-28,2026-03-28,EFTPOS MEDICARE BENEFIT | CITY,89.73,,5224.39,Groceries
2026-03-28,2026-03-28,ANZ M-BANKING FUNDS TFER TRANSFER 255719  FROM       451499855,7.63,,5216.76,Transport
2026-03-29,2026-03-29,OTHER PAYROLL CREDIT | FROM PAYROLL,,3850.00,9066.76,Wages
2026-03-29,2026-03-29,REVERSAL OF ACCOUNT SERVICING FEE MINIMUM $2000 IN DEPOSITS RECEIVED | TO BONUS,250.00,,8816.76,Savings
2026-03-29,2026-03-29,PAY/SALARY FROM J.J. RICHARDS &  95444 | MALL,34.33,,8782.43,Dining
2026-03-30,2026-03-30,"PAYMENT FROM TERRY BRADFORD,TERRY BRADFORD,Scott Sunderland,,,Wyndham 00201067381 | HWY",85.19,,8697.24,Fuel
2026-03-30,2026-03-30,PAY/SALARY FROM J.J. RICHARDS &  66401 | LOCAL,44.64,,8652.60,Health
2026-03-31,2026-03-31,PAYMENT TO HUMM BNPL        HUMM | HOME LENDER · REF LN-other-9104,1680.00,,6972.60,Financial
2026-03-31,2026-03-31,"ANZ MOBILE BANKING PAYMENT 726381 TO SUNDERLAND D,MS KRISTY SUNDERLAND,SUNDERLAND B,,,RENT PAYMENT | DIRECT DEBIT",304.31,,6668.29,Health
2026-03-31,2026-03-31,CLOSING BALANCE,,,6668.29,BalanceMarker